@article{lu2011small,
  title={The small world yields the most effective information spreading},
  author={L{\"u}, Linyuan and Chen, Duan-Bing and Zhou, Tao},
  journal={New Journal of Physics},
  volume={13},
  number={12},
  pages={123005},
  year={2011},
  publisher={IOP Publishing}
}

@article{miritello2011dynamical,
  title={Dynamical strength of social ties in information spreading},
  author={Miritello, Giovanna and Moro, Esteban and Lara, Rub{\'e}n},
  journal={Physical Review E},
  volume={83},
  number={4},
  pages={045102},
  year={2011},
  publisher={APS}
}

@article{gerberry2009seiqr,
  title={An SEIQR model for childhood diseases},
  author={Gerberry, David J and Milner, Fabio A},
  journal={Journal of mathematical biology},
  volume={59},
  number={4},
	}

@inproceedings{ou2015impact,
  title={The Impact of Heterogeneous Spreading Abilities of Network Ties on Information Spreading},
  author={Ou, Chengeng and Jin, Xiaolong and Wang, Yuanzhuo and Chen, Wei and Cheng, Xueqi},
  booktitle={Computer and Information Technology; Ubiquitous Computing and Communications; Dependable, Autonomic and Secure 

Computing; Pervasive Intelligence and Computing (CIT/IUCC/DASC/PICOM), 2015 IEEE International Conference on},
  pages={454--460},
  year={2015},
  organization={IEEE}
}
  pages={535--561},
  year={2009},
  publisher={Springer}
}

@book{stephens2007history,
  title={A history of news},
  author={Stephens, Mitchell},
  year={2007},
  publisher={Oxford University Press, USA}
}

@inproceedings{Kwak:2010:TSN:1772690.1772751,
 author = {Kwak, Haewoon and Lee, Changhyun and Park, Hosung and Moon, Sue},
 title = {What is Twitter, a Social Network or a News Media?},
 booktitle = {Proceedings of the 19th International Conference on World Wide Web},
 series = {WWW '10},
 year = {2010},
 isbn = {978-1-60558-799-8},
 location = {Raleigh, North Carolina, USA},
 pages = {591--600},
 numpages = {10},
 url = {http://doi.acm.org/10.1145/1772690.1772751},
 doi = {10.1145/1772690.1772751},
 acmid = {1772751},
 publisher = {ACM},
 address = {New York, NY, USA},
 keywords = {Twitter, degree of separation, homophily, influential, information diffusion, online social network, pagerank, 

reciprocity, retweet},
} 

@article{milgram1967small,
  title={The small world problem},
  author={Milgram, Stanley},
  journal={Psychology today},
  volume={2},
  number={1},
  pages={60--67},
  year={1967},
  publisher={New York}
}

@article{liu2014information,
  title={Information spreading on dynamic social networks},
  author={Liu, Chuang and Zhang, Zi-Ke},
  journal={Communications in Nonlinear Science and Numerical Simulation},
  volume={19},
  number={4},
  pages={896--904},
  year={2014},
  publisher={Elsevier}
}

@article{zhao2011rumor,
  title={Rumor spreading model with consideration of forgetting mechanism: A case of online blogging LiveJournal},
  author={Zhao, Laijun and Wang, Qin and Cheng, Jingjing and Chen, Yucheng and Wang, Jiajia and Huang, Wei},
  journal={Physica A: Statistical Mechanics and its Applications},
  volume={390},
  number={13},
  pages={2619--2625},
  year={2011},
  publisher={Elsevier}
}

@article{zhao2012sihr,
  title={SIHR rumor spreading model in social networks},
  author={Zhao, Laijun and Wang, Jiajia and Chen, Yucheng and Wang, Qin and Cheng, Jingjing and Cui, Hongxin},
  journal={Physica A: Statistical Mechanics and its Applications},
  volume={391},
  number={7},
  pages={2444--2453},
  year={2012},
  publisher={Elsevier}
}

@article{trpevski2010model,
  title={Model for rumor spreading over networks},
  author={Trpevski, Daniel and Tang, Wallace KS and Kocarev, Ljupco},
  journal={Physical Review E},
  volume={81},
  number={5},
  pages={056102},
  year={2010},
  publisher={APS}
}

@article{karafyllidis1997model,
  title={A model for predicting forest fire spreading using cellular automata},
  author={Karafyllidis, Ioannis and Thanailakis, Adonios},
  journal={Ecological Modelling},
  volume={99},
  number={1},
  pages={87--97},
  year={1997},
  publisher={Elsevier}
}

@inproceedings{tanaka2015study,
  title={Study on the growth and decline of SNSs by using the infectious recovery SIR model},
  author={Tanaka, Moena and Sakumoto, Yusuke and Aida, Masaki and Kawashima, Konosuke},
  booktitle={Information and Telecommunication Technologies (APSITT), 2015 10th Asia-Pacific Symposium on},
  pages={1--3},
  year={2015},
  organization={IEEE}
}
}